<record><leader>00000cas a2200000 a 4500</leader><controlfield tag="001">9351729</controlfield><controlfield tag="008">830328d17861794mauwr ne      0   a0eng c</controlfield><datafield ind1=" " ind2=" " tag="010"><subfield code="a">sn 83020456 </subfield></datafield><datafield ind1=" " ind2=" " tag="040"><subfield code="a">NPX</subfield><subfield code="b">eng</subfield><subfield code="c">NPX</subfield><subfield code="d">NPA</subfield><subfield code="d">NPU</subfield><subfield code="d">DLC</subfield><subfield code="d">NJW</subfield><subfield code="d">KNP</subfield><subfield code="d">DLC</subfield><subfield code="d">MGN</subfield><subfield code="d">YOX</subfield><subfield code="d">NVH</subfield><subfield code="d">MGN</subfield><subfield code="d">KNP</subfield><subfield code="d">MGN</subfield><subfield code="d">HUL</subfield><subfield code="d">FUG</subfield><subfield code="d">NVF</subfield><subfield code="d">DLC</subfield><subfield code="d">OCL</subfield><subfield code="d">NYS</subfield><subfield code="d">OCLCG</subfield><subfield code="d">KRTAS</subfield><subfield code="d">OCLCQ</subfield><subfield code="d">OCLCF</subfield><subfield code="d">OCLCO</subfield><subfield code="d">OCLCA</subfield><subfield code="d">DLC</subfield></datafield><datafield ind1=" " ind2=" " tag="012"><subfield code="l">a</subfield></datafield><datafield ind1="0" ind2=" " tag="022"><subfield code="a">2574-3058</subfield><subfield code="2">1</subfield></datafield><datafield ind1=" " ind2=" " tag="042"><subfield code="a">pcc</subfield><subfield code="a">nsdp</subfield></datafield><datafield ind1=" " ind2=" " tag="043"><subfield code="a">n-us-ma</subfield></datafield><datafield ind1="0" ind2="0" tag="050"><subfield code="a">Newspaper</subfield></datafield><datafield ind1="1" ind2="0" tag="082"><subfield code="a">070</subfield><subfield code="2">23</subfield></datafield><datafield ind1="0" ind2=" " tag="130"><subfield code="a">Essex journal &amp; New-Hampshire packet (Newburyport, Mass. : 1786)</subfield></datafield><datafield ind1=" " ind2="4" tag="222"><subfield code="a">The Essex journal &amp; New-Hampshire packet</subfield></datafield><datafield ind1="1" ind2="4" tag="245"><subfield code="a">The Essex journal &amp; New-Hampshire packet.</subfield></datafield><datafield ind1="3" ind2=" " tag="246"><subfield code="a">Essex journal and New Hampshire packet</subfield></datafield><datafield ind1=" " ind2=" " tag="260"><subfield code="a">Newbury-port [Mass.] :</subfield><subfield code="b">J. Mycall,</subfield><subfield code="c">1786-1794.</subfield></datafield><datafield ind1=" " ind2=" " tag="300"><subfield code="a">v.</subfield></datafield><datafield ind1=" " ind2=" " tag="310"><subfield code="a">Weekly</subfield></datafield><datafield ind1="0" ind2=" " tag="362"><subfield code="a">No. 128 (Dec. 13, 1786)-no. 156 (June 27, 1787) ; v. 4, no. 157 (July 4, 1787)-v. 5, no. 262 (July 8, 1789) ; No. 263 (July 15, 1789)-no. 510 [i.e. 511] (Apr. 2, 1794).</subfield></datafield><datafield ind1=" " ind2=" " tag="500"><subfield code="a">Publishers: William Hoyt, 1787-1789; John Mycall, 1789-1794.</subfield></datafield><datafield ind1="4" ind2=" " tag="510"><subfield code="a">Brigham, C.S. Amer. newspapers</subfield><subfield code="c">p. 375</subfield></datafield><datafield ind1=" " ind2=" " tag="530"><subfield code="a">Available on microopaque from Readex Microprint Corp.</subfield></datafield><datafield ind1=" " ind2="0" tag="651"><subfield code="a">Newburyport (Mass.)</subfield><subfield code="v">Newspapers.</subfield></datafield><datafield ind1=" " ind2="0" tag="651"><subfield code="a">Essex County (Mass.)</subfield><subfield code="v">Newspapers.</subfield></datafield><datafield ind1=" " ind2="7" tag="651"><subfield code="a">Massachusetts</subfield><subfield code="z">Essex County.</subfield><subfield code="2">fast</subfield><subfield code="0">(OCoLC)fst01205527</subfield></datafield><datafield ind1=" " ind2="7" tag="651"><subfield code="a">Massachusetts</subfield><subfield code="z">Newburyport.</subfield><subfield code="2">fast</subfield><subfield code="0">(OCoLC)fst01215824</subfield></datafield><datafield ind1=" " ind2="7" tag="655"><subfield code="a">Newspapers.</subfield><subfield code="2">fast</subfield><subfield code="0">(OCoLC)fst01423814</subfield></datafield><datafield ind1="1" ind2=" " tag="700"><subfield code="a">Mycall, John,</subfield><subfield code="d">1750-1833.</subfield></datafield><datafield ind1="1" ind2=" " tag="700"><subfield code="a">Hoyt, William,</subfield><subfield code="d">1759-1812.</subfield></datafield><datafield ind1=" " ind2=" " tag="752"><subfield code="a">United States</subfield><subfield code="b">Massachusetts</subfield><subfield code="c">Essex</subfield><subfield code="d">Newburyport.</subfield></datafield><datafield ind1="0" ind2="0" tag="780"><subfield code="t">Essex journal and the Massachusetts and New-Hampshire general advertiser</subfield><subfield code="x">2574-304X</subfield><subfield code="w">(DLC)sn 83020455</subfield><subfield code="w">(OCoLC)9351555</subfield></datafield><datafield ind1="0" ind2="0" tag="785"><subfield code="t">Morning star (Newburyport, Mass.)</subfield><subfield code="w">(DLC)sn 83021136</subfield><subfield code="w">(OCoLC)9837874</subfield></datafield><datafield ind1=" " ind2=" " tag="850"><subfield code="a">MH</subfield></datafield><datafield ind1=" " ind2=" " tag="938"><subfield code="a">Kirtas Technologies, Inc.</subfield><subfield code="b">KRTS</subfield><subfield code="n">736363</subfield></datafield><datafield ind1="1" ind2=" " tag="029"><subfield code="a">AU@</subfield><subfield code="b">000020122611</subfield></datafield></record>